@book{lyu13application,
  title={The application of group theory in physics},
  author={Lyubarskii, G Ya},
  year={2013},
  publisher={Elsevier}
}

@book{ham62group,
  title={Group theory and its application to physical problems},
  author={Hamermesh, Morton},
  year={1962},
  publisher={Courier Corporation}
}

@book{loe14group,
  title={Group theory and its applications},
  author={Loebl, Ernest M},
  year={2014},
  publisher={Academic Press}
}